%% This BibTeX bibliography file was created using BibDesk.
%% http://bibdesk.sourceforge.net/


%% Created for Thomas at 2014-09-03 17:04:40 +0200 


%% Saved with string encoding Unicode (UTF-8) 



@book{lamport1994latex,
  title={LaTeX: A Document Preparation System},
  author={Lamport, Leslie},
  year={1994},
  publisher={Addison-Wesley}
}

@book{knuth1984tex,
  title={The TeXbook},
  author={Knuth, Donald E},
  year={1984},
  publisher={Addison-Wesley}
}
